<record><leader>00000cas a22000007a 4500</leader><controlfield tag="001">9221129</controlfield><controlfield tag="008">830214d18901893okuwr ne      0   a0eng d</controlfield><datafield ind1=" " ind2=" " tag="010"><subfield code="a">sn 83025032 </subfield></datafield><datafield ind1=" " ind2=" " tag="040"><subfield code="a">WIH</subfield><subfield code="b">eng</subfield><subfield code="c">WIH</subfield><subfield code="d">NPV</subfield><subfield code="d">NPT</subfield><subfield code="d">OBN</subfield><subfield code="d">OCL</subfield><subfield code="d">OCLCQ</subfield><subfield code="d">OKN</subfield><subfield code="d">OCLCO</subfield></datafield><datafield ind1=" " ind2=" " tag="042"><subfield code="a">msc</subfield></datafield><datafield ind1=" " ind2=" " tag="043"><subfield code="a">n-us-ok</subfield></datafield><datafield ind1=" " ind2=" " tag="045"><subfield code="a">w9w9</subfield></datafield><datafield ind1=" " ind2=" " tag="052"><subfield code="a">4023</subfield><subfield code="b">M9</subfield></datafield><datafield ind1="0" ind2=" " tag="130"><subfield code="a">Indian sentinel (Webbers Falls, Okla. : 1890)</subfield></datafield><datafield ind1="1" ind2="0" tag="245"><subfield code="a">Indian sentinel.</subfield></datafield><datafield ind1=" " ind2=" " tag="260"><subfield code="a">Webbers Falls, Indian Territory [Okla.] :</subfield><subfield code="b">Sentinel Print. Co.</subfield></datafield><datafield ind1=" " ind2=" " tag="300"><subfield code="a">v.</subfield></datafield><datafield ind1=" " ind2=" " tag="310"><subfield code="a">Weekly</subfield></datafield><datafield ind1="1" ind2=" " tag="362"><subfield code="a">Began in Apr. 1890; ceased in 1893.</subfield></datafield><datafield ind1=" " ind2=" " tag="500"><subfield code="a">Published in Tahlequah, Indian Terr. &lt;Aug. 1892-1893&gt;.</subfield></datafield><datafield ind1=" " ind2=" " tag="500"><subfield code="a">Editor: 1890-1891, William T. Canup; 1891-1893, William A. Thompson.</subfield></datafield><datafield ind1=" " ind2=" " tag="588"><subfield code="a">Description based on: Vol. 2, no. 28 (Oct. 21, 1891).</subfield></datafield><datafield ind1=" " ind2="0" tag="651"><subfield code="a">Webbers Falls (Okla.)</subfield><subfield code="v">Newspapers.</subfield></datafield><datafield ind1=" " ind2="0" tag="651"><subfield code="a">Tahlequah (Okla.)</subfield><subfield code="v">Newspapers.</subfield></datafield><datafield ind1=" " ind2="0" tag="651"><subfield code="a">Indian Territory</subfield><subfield code="v">Newspapers.</subfield></datafield><datafield ind1="1" ind2=" " tag="700"><subfield code="a">Canup, William T.</subfield></datafield><datafield ind1="1" ind2=" " tag="700"><subfield code="a">Thompson, William A.</subfield></datafield><datafield ind1=" " ind2=" " tag="752"><subfield code="a">United States</subfield><subfield code="b">Oklahoma</subfield><subfield code="c">Muskogee</subfield><subfield code="d">Webbers Falls.</subfield></datafield><datafield ind1=" " ind2=" " tag="752"><subfield code="a">United States</subfield><subfield code="b">Oklahoma</subfield><subfield code="c">Cherokee</subfield><subfield code="d">Tahlequah.</subfield></datafield><datafield ind1="0" ind2="0" tag="785"><subfield code="t">Tahlequah courier</subfield><subfield code="w">(DLC)sn 83025033</subfield><subfield code="w">(OCoLC)9222612</subfield></datafield></record>